@article{jLepp-serpent13,
    author={Jaakko Lepp{\"a}nen and Maria Pusa and Tuomas Viitanen and Ville Valtavirta and Toni Kaltiaisenaho},
    title="{The Serpent Monte Carlo Code: Status, development, and applications in 2013}",
    journal={Annals of Nuclear Energy},
    year=2015,
    number=82,
    pages={142-150}
},
@article{numpy-scipy,
	author = "{St\'efan van der Walt and S. Chris Colbert and Ga\"el Varoquaux}",
	title = "{The NumPy Array: A Structure for Efficient Numerical Computation}",
	journal = {Computing in Science \& Engineering},
	volume = 9,
	pages = {21-29},
	year = {2007},
	doi =  {DOI:10.1109/MCSE.2011.37},
	url = {http://aip.scitation.org/doi/abs/10.1109/MCSE.2011.37},
},
@article{Hunter:2007,
	Author    = {Hunter, J. D.},
	Title     = {Matplotlib: A 2D graphics environment},
	Journal   = {Computing In Science \& Engineering},
	Volume    = {9},
	Number    = {3},
	Pages     = {90--95},
	abstract  = {Matplotlib is a 2D graphics package used for Python
	for application development, interactive scripting, and
	publication-quality image generation across user
	interfaces and operating systems.},
	publisher = {IEEE COMPUTER SOC},
	doi = {10.1109/MCSE.2007.55},
	year      = 2007
},
@conference{Kluyver:2016aa,
        Author = {Thomas Kluyver and Benjamin Ragan-Kelley and Fernando P{\'e}rez and Brian Granger and Matthias Bussonnier and Jonathan Frederic and Kyle Kelley and Jessica Hamrick and Jason Grout and Sylvain Corlay and Paul Ivanov and Dami{\'a}n Avila and Safia Abdalla and Carol Willing},
        Booktitle = {Positioning and Power in Academic Publishing: Players, Agents and Agendas},
        Editor = {F. Loizides and B. Schmidt},
        Organization = {IOS Press},
        Pages = {87 - 90},
        Title = {Jupyter Notebooks -- a publishing format for reproducible computational workflows},
        Year = {2016}
}
